@article{bacigal2011,
  title={Non-exchangeable random variables, Archimax copulas and their fitting to real data},
  author={Bacig{\'a}l, Tom{\'a}{\v{s}} and J{\'a}gr, Vladim{\'\i}r and Mesiar, Radko},
  journal={Kybernetika},
  volume={47},
  number={4},
  pages={519--531},
  year={2011}
}

