
@article{boers2019,
  author = {Boers, Niklas and Goswami, Bedartha and Rheinwalt, Aljoscha and Bookhagen, Bodo and Hoskins, Brian and Kurths, Jürgen},
  title = {Complex networks reveal global pattern of extreme-rainfall teleconnections},
  journal = {Nature},
  year = {2019},
  volume = {566},
  number = {7744},
  pages = {373--377},
  doi = {10.1038/s41586-018-0872-x}
}

@article{chauhan2024,
  author = {Chauhan, Tejasvi and Chandel, Vikram and Ghosh, Subimal},
  title = {Global land drought hubs confounded by teleconnection hotspots in equatorial oceans},
  journal = {npj Clim Atmos Sci},
  year = {2024},
  volume = {7},
  number = {1},
  pages = {1--11},
  doi = {10.1038/s41612-023-00558-1}
}

@misc{climate2008,
  title = {Climate models: an assessment of strengths and limitations},
  year = {2008},
  note = {Available online: \url{https://calhoun.nps.edu/bitstream/handle/10945/40146/climate%20models_%20an%20assessment%20of%20strengths%20and%20limitations.pdf;sequence=4}}
}

@article{runge2019,
  author = {Runge, Jakob and Bathiany, Sebastian and Bollt, Erik and Camps-Valls, Gustau and Coumou, Dim and Deyle, Ethan and others},
  title = {Inferring causation from time series in Earth system sciences},
  journal = {Nature Communications},
  year = {2019},
  volume = {10},
  pages = {2553},
  doi = {10.1038/s41467-019-10105-3}
}

@article{dilorenzo2013,
  author = {Di Lorenzo, Emanuele and Combes, Vincent and Keister, Julie and Strub, P. Ted and Thomas, Andrew and Franks, Peter and others},
  title = {Synthesis of Pacific Ocean Climate and Ecosystem Dynamics},
  journal = {Oceanography},
  year = {2013},
  volume = {26},
  number = {4},
  pages = {68--81},
  doi = {10.5670/oceanog.2013.76}
}

@article{edwards2011,
  author = {Edwards, Paul N.},
  title = {History of climate modeling},
  journal = {Wiley Interdisciplinary Reviews: Climate Change},
  year = {2011},
  volume = {2},
  number = {1},
  pages = {128--139},
  doi = {10.1002/wcc.95}
}

@misc{evaluation2013,
  title = {Evaluation of climate models},
  year = {2013},
  note = {Available online: \url{https://pure.mpg.de/pubman/faces/viewitemoverviewpage.jsp?itemid=item_1977534}}
}

@article{eyring2016a,
  author = {Eyring, Veronika and Bony, Sandrine and Meehl, Gerald A. and Senior, Catherine A. and Stevens, Bjorn and Stouffer, Ronald J. and Taylor, Karl E.},
  title = {Overview of the Coupled Model Intercomparison Project Phase 6 (CMIP6) experimental design and organization},
  journal = {Geoscientific Model Development},
  year = {2016},
  volume = {9},
  number = {5},
  pages = {1937--1958},
  doi = {10.5194/gmd-9-1937-2016}
}

@article{eyring2019,
  author = {Eyring, Veronika and Cox, Peter M. and Flato, Gregory M. and Gleckler, Peter J. and Abramowitz, Gab and Caldwell, Peter and others},
  title = {Taking climate model evaluation to the next level},
  journal = {Nature Climate Change},
  year = {2019},
  volume = {9},
  number = {2},
  pages = {102--110},
  doi = {10.1038/s41558-018-0355-y}
}

@article{eyring2016b,
  author = {Eyring, Veronika and Righi, Mattia and Lauer, Axel and Evaldsson, Martin and Wenzel, Sabrina and Jones, Colin and others},
  title = {ESMValTool (v1.0) -- a community diagnostic and performance metrics tool for routine evaluation of Earth system models in CMIP},
  journal = {Geoscientific Model Development},
  year = {2016},
  volume = {9},
  number = {5},
  pages = {1747--1802},
  doi = {10.5194/gmd-9-1747-2016}
}

@article{hannachi2007,
  author = {Hannachi, A. and Jolliffe, I. T. and Stephenson, D. B.},
  title = {Empirical orthogonal functions and related techniques in atmospheric science: A review},
  journal = {International Journal of Climatology},
  year = {2007},
  volume = {27},
  number = {9},
  pages = {1119--1152},
  doi = {10.1002/joc.1499}
}

@article{lau2012,
  author = {Lau, William K. M. and Kim, Kyu-Myong},
  title = {The 2010 Pakistan Flood and Russian Heat Wave: Teleconnection of Hydrometeorological Extremes},
  journal = {Journal of Hydrometeorology},
  year = {2012},
  volume = {13},
  number = {1},
  pages = {392--403},
  doi = {10.1175/JHM-D-11-016.1}
}

@article{newton2006,
  author = {Newton, Alicia and Thunell, Robert and Stott, Lowell},
  title = {Climate and hydrographic variability in the Indo-Pacific Warm Pool during the last millennium},
  journal = {Geophysical Research Letters},
  year = {2006},
  volume = {33},
  number = {19},
  doi = {10.1029/2006GL027234}
}

@article{nowack2020,
  author = {Nowack, Peer and Runge, Jakob and Eyring, Veronika and Haigh, Joanna D.},
  title = {Causal networks for climate model evaluation and constrained projections},
  journal = {Nature Communications},
  year = {2020},
  volume = {11},
  number = {1},
  pages = {1415},
  doi = {10.1038/s41467-020-15195-y}
}

@article{ropelewski1986,
  author = {Ropelewski, C. F. and Halpert, M. S.},
  title = {North American Precipitation and Temperature Patterns Associated with the El Niño/Southern Oscillation (ENSO)},
  journal = {Monthly Weather Review},
  year = {1986},
  volume = {114},
  number = {12},
  pages = {2352--2362},
  doi = {10.1175/1520-0493(1986)114<2352:NAPATP>2.0.CO;2}
}

@misc{relationship1993,
  title = {The relationship of drought frequency and duration to time scales},
  year = {1993},
  note = {Available online: \url{https://climate.colostate.edu/pdfs/relationshipofdroughtfrequency.pdf}}
}

@article{sanderson1999,
  author = {Sanderson, Marie},
  title = {The Classification of Climates from Pythagoras to Koeppen},
  journal = {Bulletin of the American Meteorological Society},
  year = {1999},
  volume = {80},
  number = {4},
  pages = {669--673},
  doi = {10.1175/1520-0477(1999)080<0669:TCOCFP>2.0.CO;2}
}

@article{zhang2020,
  author = {Zhang, Xiaolin and Han, Weiqing},
  title = {Effects of Climate Modes on Interannual Variability of Upwelling in the Tropical Indian Ocean},
  journal = {Journal of Climate},
  year = {2020},
  volume = {33},
  number = {4},
  pages = {1547--1573},
  doi = {10.1175/JCLI-D-19-0386.1}
}
